@article{platt1999probabilistic,
  title={Probabilistic outputs for support vector machines and comparisons to regularized likelihood methods},
  author={Platt, John and others},
  journal={Advances in large margin classifiers},
  volume={10},
  number={3},
  pages={61--74},
  year={1999},
  publisher={Cambridge, MA}
}

@article{zhang2014real,
    title={Real-time bidding benchmarking with iPinYou dataset},
    author={Zhang, Weinan and Yuan, Shuai and Wang, Jun and Shen, Xuehua},
    journal={arXiv preprint arXiv:1407.7073},
    year={2014}
}

@misc{graphlabcreate,
    author = {Dato: GraphLab Create},
    title = {Sophisticated machine learning as easy as "Hello, World!"},
    url = {https://dato.com/products/create/},
    urldate = {2016-12-04}
}

@misc{graphlabcreate_onehotencoder,
    author = {GraphLab Create: One Hot Encoder},
    title = {GraphLab Create API: One Hot Encoder},
    url = {https://dato.com/products/create/docs/generated/graphlab.toolkits.feature_engineering._one_hot_encoder.OneHotEncoder.html},
    urldate = {2016-12-04}
}

@misc{graphlabcreate_logistic_classifier,
    author = {GraphLab Create: Logistic Classifier},
    title = {GraphLab Create API: Logistic Classifier},
    url = {https://dato.com/products/create/docs/generated/graphlab.logistic_classifier.create.html#graphlab.logistic_classifier.create},
    urldate = {2016-12-04}
}